@misc{Grinstein:2002:IVV,
  author = {Georges Grinstein and Daniel Keim and Matthew Ward},
  title = {Information Visualization, Visual Data Mining, and Its Application to Drug Design},
  howpublished = {IEEE Visualization Course \#1 Notes},
  month = {October},
  year = {2002},
	url = {http://vis.computer.org/vis2002/program/tutorials/tutorial_01_abstract.html}
}

@Article{Isenberg:2017:VMC,
  author = {Petra Isenberg and Florian Heimerl and Steffen Koch and Tobias Isenberg and Panpan Xu and Chad Stolper and Michael Sedlmair and Jian Chen and Torsten M{\"o}ller and John Stasko},
	title = {{vispubdata.org: A Metadata Collection about {IEEE} Visualization ({VIS}) Publications}},
	journal = {IEEE Transactions on Visualization and Computer Graphics},
	year = {2017},
	volume = {23},
	OPTnumber = {},
	OPTmonth = {},
	OPTpages = {},
	doi = {https://doi.org/10.1109/TVCG.2016.2615308},
  OPTgooglescholarid = {},
	note = {To appear},
}

@mastersthesis{Kindlmann:1999:SAG,
  author = {Gordon Kindlmann},
  title = {Semi-Automatic Generation of Transfer Functions for Direct Volume Rendering},
  school = {Cornell University},
	address = {USA},
	url = {http://www.graphics.cornell.edu/pubs/1999/Kin99.html},
  year = 1999,
}

@manual{Kitware:2003,
  title = {The Visualization Toolkit User's Guide},
  organization = {Kitware, Inc.},
  year = {2003},
  month = {January},
	url = {http://www.kitware.com/publications/item/view/1269}
}

@phdthesis{Levoy:1989:DSV,
  author = {Marc Levoy},
  title = {Display of Surfaces from Volume Data},
  school = {University of North Carolina at Chapel Hill},
	address = {USA},
	url = {http://www.cs.unc.edu/techreports/89-022.pdf},
  year = {1989},
}

@article{Lorensen:1987:MCA,
 author = {Lorensen, William E. and Cline, Harvey E.},
 title = {Marching Cubes: A High Resolution {3D} Surface Construction Algorithm},
 journal = {SIGGRAPH Computer Graphics},
 volume = {21},
 number = {4},
 month = aug,
 year = {1987},
 pages = {163--169},
 doi = {10.1145/37402.37422},
}

@article{Max:1995:OMF,
 author = {Max, Nelson},
 title = {Optical Models for Direct Volume Rendering},
 journal = {IEEE Transactions on Visualization and Computer Graphics},
 volume = {1},
 number = {2},
 month = jun,
 year = {1995},
 pages = {99--108},
 doi = {10.1109/2945.468400},
} 

@inproceedings{Nielson:1991:TAD,
  author = {Gregory M. Nielson and Bernd Hamann},
  title = {The Asymptotic Decider: Removing the Ambiguity in Marching Cubes},
  year = {1991},
  booktitle = {Proc.\ Visualization},
  pages = {83--91},
  doi={10.1109/VISUAL.1991.175782},
	publisher = {IEEE Computer Society},
	address = {Los Alamitos},
}

@book{Ware:2004:IVP,
  author = {Colin Ware},
  title = {Information Visualization: Perception for Design},
  edition = {2\textsuperscript{nd}},
  year = 2004,
  publisher = {Morgan Kaufmann Publishers Inc.},
  address = {San Francisco},
	doi = {https://doi.org/10.1016/B978-155860819-1/50001-7}
}

@ARTICLE{Wyvill:1986:DSS,
  author = {Wyvill, Geoff and McPheeters, Craig and Wyvill, Brian},
  title = {Data Structure for \emph{soft} Objects},
  journal = {The Visual Computer},
  year = {1986},
  volume = {2},
  pages = {227--234},
  number = {4},
  month = aug,
  doi = {10.1007/BF01900346}
}

@book{Vogel:1986,
    author = {D. {Vogel} and G. {Dickson} and J. {Lehman}},
    title = {{P}ersuasion and the {R}ole of {V}isual {P}resentation {S}upport: The {UM/3M} {S}tudy},
    year = {1986},
    publisher = {University of Minnesota},
    address = {Minneapolis, Minnesota 55455},
    month = jun
}

@book{Matousek:2009,
    author = {{J. Matou\v{s}ek} and {J. Ne\v{s}et\v{r}il}},
    title = {{I}nvitation to {D}iscrete {M}athematics},
    year = {2009},
    publisher = {Oxford University Press},
    address = {Great Clarendon Street, Oxford OX2 6DP},
    edition = {2\textsuperscript{nd}}
}

@ARTICLE{Okoe:2018, 
    author = {M. {Okoe} and R. {Jianu} and S. G. {Kobourov}}, 
    journal = {IEEE Transactions on Visualization and Computer Graphics}, 
    title = {Node-link or Adjacency Matrices: Old Question, New Insights}, 
    year = {2018}, 
    volume = {}, 
    number = {}, 
    pages = {1-1}, 
    keywords = {Task analysis;Data visualization;Visualization;Taxonomy;Encoding;Layout;Airports;Evaluation;user study;graphs;networks;node-link;adjacency matrices}, 
    doi = {10.1109/TVCG.2018.2865940}, 
    ISSN = {1077-2626}, 
    month = {}
}

@ARTICLE{Saket:2014, 
    author = {B. {Saket} and P. {Simonetto} and S. {Kobourov} and K. {Börner}}, 
    journal = {IEEE Transactions on Visualization and Computer Graphics}, 
    title = {Node, Node-Link, and Node-Link-Group Diagrams: An Evaluation}, 
    year = {2014}, 
    volume = {20}, 
    number = {12}, 
    pages = {2231-2240}, 
    keywords ={data visualisation;node diagram;node-link diagram;node-link-group diagram;information visualization;distance notion;principal component analysis;multidimensional scaling;network graph;graph links;dataset visualization;node-based tasks;network-based tasks;group-based tasks;Image color analysis;Data visualization;Visualization;Diagrams;Layout;Datasets;graphs;networks;maps;scatter plots}, 
    doi = {10.1109/TVCG.2014.2346422}, 
    ISSN = {1077-2626}, 
    month = {Dec}
}

@book{Bollobas:1998,
    author = {Béla Bollob\'{a}s},
    title = {{M}odern {G}raph {T}heory},
    year = {1998},
    publisher = {Springer},
    address = {Berlin, Heidelberg},
    pages = {8-8},
    doi = {10.1007/978-1-4612-0619-4}
}

@book {Diestel:2017,
    author = {R. Diestel},
    title = {{G}raph {T}heory},
    edition = {5\textsuperscript{th}},
    year = {2017},
    pages = {5-5},
    doi = {10.1007/978-3-662-53622-3_1},
    publisher = {Springer},
    address = {Berlin, Heidelberg}
}

@book {Cormen:2009,
    author = {Thomas H. {Cormen} and Charles E. {Leiserson} and Ronald L. {Rivest} and Clifford {Stein}},
    title = {Introduction to Algorithms},
    edition = {3\textsuperscript{rd}},
    publisher = {MIT Press},
    address = {Cambridge, Massachusetts},
    year = {2009},
    pages = {591-591}
}

@INPROCEEDINGS{Ghonheim:2004, 
author={M. {Ghoniem} and J. -. {Fekete} and P. {Castagliola}}, 
booktitle={IEEE Symposium on Information Visualization}, 
title={A Comparison of the Readability of Graphs Using Node-Link and Matrix-Based Representations}, 
year={2004}, 
volume={}, 
number={}, 
pages={17-24}, 
keywords={data visualisation;graph theory;matrix algebra;graph representations;matrix-based representations;node-link diagrams;matrix-based visualization;adjacency matrices;Visualization;Taxonomy;User interfaces;Computer graphics;Image generation;Computer displays;Layout;Visualization of graphs;adjacency matrices;node-link representation;readability;evaluation}, 
doi={10.1109/INFVIS.2004.1}, 
ISSN={1522-404X}, 
month={Oct},}

@ARTICLE{Yi:2007, 
author={J. S. {Yi} and Y. a. {Kang} and J. {Stasko}}, 
journal={IEEE Transactions on Visualization and Computer Graphics}, 
title={Toward a Deeper Understanding of the Role of Interaction in Information Visualization}, 
year={2007}, 
volume={13}, 
number={6}, 
pages={1224-1231}, 
keywords={data visualisation;human computer interaction;information visualization;Infovis community;Infovis interaction techniques;Infovis systems;taxonomy;Visual analytics;Taxonomy;Data visualization;Research and development;Filters;Computer graphics;Rendering (computer graphics);Computer displays;Human computer interaction;Conference proceedings;Information visualization;interaction;interaction techniques;taxonomy;visual analytics}, 
doi={10.1109/TVCG.2007.70515}, 
ISSN={1077-2626}, 
month={Nov},}

@inproceedings{althaus2014greedy,
  title={A Greedy Algorithm for Hierarchical Complete Linkage Clustering},
  author={Althaus, Ernst and Hildebrandt, Andreas and Hildebrandt, Anna Katharina},
  booktitle={International Conference on Algorithms for Computational Biology},
  pages={25--34},
  year={2014},
  organization={Springer}
}

@article{Fruchterman:1991, title={Graph drawing by force-directed placement}, volume={21}, DOI={10.1002/spe.4380211102}, number={11}, journal={Software: Practice and Experience}, author={Fruchterman, Thomas M. J. and Reingold, Edward M.}, year={1991}, month={Nov}, pages={1129–1164}}

@ARTICLE{Gansner:1993,
    author = {Emden R. Gansner and Eleftherios Koutsofios and Stephen C. North and Kiem-phong Vo},
    title = {A Technique for Drawing Directed Graphs},
    journal = {IEEE TRANSACTIONS ON SOFTWARE ENGINEERING},
    year = {1993},
    volume = {19},
    number = {3},
    pages = {214--230}
}





@proceedings{DBLP:conf/issnip/2013,
  title     = {2013 {IEEE} Eighth International Conference on Intelligent Sensors,
               Sensor Networks and Information Processing, Melbourne, Australia,
               April 2-5, 2013},
  publisher = {{IEEE}},
  year      = {2013},
  url       = {http://ieeexplore.ieee.org/xpl/mostRecentIssue.jsp?punumber=6520926},
  isbn      = {978-1-4673-5499-8},
  timestamp = {Wed, 23 Oct 2013 17:33:26 +0200},
  biburl    = {https://dblp.org/rec/bib/conf/issnip/2013},
  bibsource = {dblp computer science bibliography, https://dblp.org}
}

@proceedings{DBLP:conf/mfcs/1997,
  editor    = {Igor Pr{\'{\i}}vara and
               Peter Ruzicka},
  title     = {Mathematical Foundations of Computer Science 1997, 22nd International
               Symposium, MFCS'97, Bratislava, Slovakia, August 25-29, 1997, Proceedings},
  series    = {Lecture Notes in Computer Science},
  volume    = {1295},
  publisher = {Springer},
  year      = {1997},
  url       = {https://doi.org/10.1007/BFb0029943},
  doi       = {10.1007/BFb0029943},
  isbn      = {3-540-63437-1},
  timestamp = {Tue, 14 May 2019 10:00:37 +0200},
  biburl    = {https://dblp.org/rec/bib/conf/mfcs/1997},
  bibsource = {dblp computer science bibliography, https://dblp.org}
}



@article{Cohen-addad:2019:HCO:3338848.3321386,
 author = {Cohen-addad, Vincent and Kanade, Varun and Mallmann-trenn, Frederik and Mathieu, Claire},
 title = {Hierarchical Clustering: Objective Functions and Algorithms},
 journal = {J. ACM},
 issue_date = {June 2019},
 volume = {66},
 number = {4},
 month = jun,
 year = {2019},
 issn = {0004-5411},
 pages = {26:1--26:42},
 articleno = {26},
 numpages = {42},
 url = {http://doi.acm.org/10.1145/3321386},
 doi = {10.1145/3321386},
 acmid = {3321386},
 publisher = {ACM},
 address = {New York, NY, USA},
 keywords = {Hierarchical clustering, PCA, stochastic block model},
} 

@article{mello1968application,
  title={An application of cluster analysis as a method of determining biofacies},
  author={Mello, James F and Buzas, Martin A},
  journal={Journal of Paleontology},
  pages={747--758},
  year={1968},
  publisher={JSTOR}
}


@article{DBLP:journals/corr/Glover16,
  author    = {Fred W. Glover},
  title     = {Pseudo-Centroid Clustering},
  journal   = {CoRR},
  volume    = {abs/1607.03467},
  year      = {2016},
  url       = {http://arxiv.org/abs/1607.03467},
  archivePrefix = {arXiv},
  eprint    = {1607.03467},
  timestamp = {Tue, 04 Jun 2019 16:08:52 +0200},
  biburl    = {https://dblp.org/rec/bib/journals/corr/Glover16},
  bibsource = {dblp computer science bibliography, https://dblp.org}
}


@article{DBLP:journals/corr/abs-1111-6285,
  author    = {Fionn Murtagh and
               Pierre Legendre},
  title     = {Ward's Hierarchical Clustering Method: Clustering Criterion and Agglomerative
               Algorithm},
  journal   = {CoRR},
  volume    = {abs/1111.6285},
  year      = {2011},
  url       = {http://arxiv.org/abs/1111.6285},
  archivePrefix = {arXiv},
  eprint    = {1111.6285},
  timestamp = {Mon, 13 Aug 2018 16:48:23 +0200},
  biburl    = {https://dblp.org/rec/bib/journals/corr/abs-1111-6285},
  bibsource = {dblp computer science bibliography, https://dblp.org}
}

@misc{Broek:2019, 
title   =   {JS linking fails after param change in bokeh server, but not in notebook \#3781}, 
author  =   {Broek, S van den}, 
year    =   {2019}, 
month   =   {Jun}, 
day     =   {18},
howpublished = {"\url{https://github.com/pyviz/holoviews/issues/3781}"}
}




@book{DBLP:reference/snam/2018,
  editor    = {Reda Alhajj and
               Jon G. Rokne},
  title     = {Encyclopedia of Social Network Analysis and Mining, 2nd Edition},
  publisher = {Springer},
  year      = {2018},
  url       = {https://www.springer.com/de/book/9781493971305},
  timestamp = {Sun, 17 Feb 2019 03:08:46 +0100},
  biburl    = {https://dblp.org/rec/bib/reference/snam/2018},
  bibsource = {dblp computer science bibliography, https://dblp.org}
}


@article{DBLP:journals/sigpro/GalluccioMCH12,
  author    = {Laurent Galluccio and
               Olivier J. J. Michel and
               Pierre Comon and
               Alfred O. Hero III},
  title     = {Graph based k-means clustering},
  journal   = {Signal Processing},
  volume    = {92},
  number    = {9},
  pages     = {1970--1984},
  year      = {2012},
  url       = {https://doi.org/10.1016/j.sigpro.2011.12.009},
  doi       = {10.1016/j.sigpro.2011.12.009},
  timestamp = {Sun, 28 May 2017 13:17:42 +0200},
  biburl    = {https://dblp.org/rec/bib/journals/sigpro/GalluccioMCH12},
  bibsource = {dblp computer science bibliography, https://dblp.org}
}


@article{DBLP:journals/corr/BoraG14a,
  author    = {Dibya Jyoti Bora and
               Anil Kumar Gupta},
  title     = {Effect of Different Distance Measures on the Performance of K-Means
               Algorithm: An Experimental Study in Matlab},
  journal   = {CoRR},
  volume    = {abs/1405.7471},
  year      = {2014},
  url       = {http://arxiv.org/abs/1405.7471},
  archivePrefix = {arXiv},
  eprint    = {1405.7471},
  timestamp = {Mon, 13 Aug 2018 16:47:13 +0200},
  biburl    = {https://dblp.org/rec/bib/journals/corr/BoraG14a},
  bibsource = {dblp computer science bibliography, https://dblp.org}
}


@article{DBLP:journals/cgf/BehrischBRSF16,
  author    = {Michael Behrisch and
               Benjamin Bach and
               Nathalie Henry Riche and
               Tobias Schreck and
               Jean{-}Daniel Fekete},
  title     = {Matrix Reordering Methods for Table and Network Visualization},
  journal   = {Comput. Graph. Forum},
  volume    = {35},
  number    = {3},
  pages     = {693--716},
  year      = {2016},
  url       = {https://doi.org/10.1111/cgf.12935},
  doi       = {10.1111/cgf.12935},
  timestamp = {Wed, 24 Apr 2019 16:36:13 +0200},
  biburl    = {https://dblp.org/rec/bib/journals/cgf/BehrischBRSF16},
  bibsource = {dblp computer science bibliography, https://dblp.org}
}


@proceedings{DBLP:conf/compgeom/2006,
  editor    = {Nina Amenta and
               Otfried Cheong},
  title     = {Proceedings of the 22nd {ACM} Symposium on Computational Geometry,
               Sedona, Arizona, USA, June 5-7, 2006},
  publisher = {{ACM}},
  year      = {2006},
  url       = {https://doi.org/10.1145/1137856},
  doi       = {10.1145/1137856},
  isbn      = {1-59593-340-9},
  timestamp = {Tue, 06 Nov 2018 16:57:04 +0100},
  biburl    = {https://dblp.org/rec/bib/conf/compgeom/2006},
  bibsource = {dblp computer science bibliography, https://dblp.org}
}

@Article{fastercluster,
title = {{fastcluster}: Fast Hierarchical, Agglomerative Clustering
  Routines for {R} and {Python}},
author = {Daniel M\"ullner},
journal = {Journal of Statistical Software},
year = {2013},
volume = {53},
number = {9},
pages = {1--18},
url = {http://www.jstatsoft.org/v53/i09/},
}

@article{hu2005efficient,
  title={Efficient, high-quality force-directed graph drawing},
  author={Hu, Yifan},
  journal={Mathematica Journal},
  volume={10},
  number={1},
  pages={37--71},
  year={2005},
  publisher={Redwood City, Ca.: Advanced Book Program, Addison-Wesley Pub. Co., c1990-}
}

@article{shi2000normalized,
  title={Normalized cuts and image segmentation},
  author={Shi, Jianbo and Malik, Jitendra},
  journal={Departmental Papers (CIS)},
  pages={107},
  year={2000}
}